@phdthesis{chapman2009type,
  title={Type checking and normalisation},
  author={Chapman, James Maitland},
  year={2009},
  school={Citeseer}
}
