@book{nielsen1999analysis,
  title     = "Principles of Program Analysis",
  author    = "Nielson, Flemming and Nielson, Hanne Riis and Hankin, Chris",
  publisher = "Springer Berlin",
  address   = "Heidelberg, Germany",
  year      = 2014,
  edition   = "1st",
  isbn      = "978-3-540-65410-0",
  doi       = "10.1007/978-3-662-03811-6"
}
@inproceedings{augustsson1999intrinsic,
  title     = "An exercise in dependent types: A well-typed interpreter",
  author    = "Augustsson, Lennart and Carlsson, Magnus",
  booktitle = "Workshop on Dependent Types in Programming",
  location  = "Gothenburg",
  year      = 1999
}
@phdthesis{chapman2009type,
  title   = "Type checking and normalisation",
  author  = "Chapman, James Maitland",
  advisor = "Altenkirch, Thorsten",
  school  = "University of Nottingham",
  year    = 2009
}
@phdthesis{norell2007agda,
  title   = "Towards a practical programming language based on dependent type theory",
  author  = "Norell, Ulf",
  advisor = "Jansson, Patrik",
  school  = "Chalmers University of Technology",
  year    = 2007
}
@article{bove2016recursion,
  title     = "Partiality and Recursion in Interactive Theorem Provers – An Overview",
  author    = "Bove, Ana and Krauss, Alexander and Sozeau, Matthieu",
  journal   = "Mathematical Structures in Computer Science",
  publisher = "Cambridge University Press",
  volume    = 26,
  number    = 1,
  DOI       = "10.1017/S0960129514000115",
  year      = 2016,
  pages     = "38–88"
}
